@InProceedings{Pereyra_2021_CVPR,
    author    = {Pereyra, Eric Raphael Huiza and Poggi, Cesar Augusto Olivares},
    title     = {Talking With Signs: A Simple Method To Detect Nouns and Numbers in a Non-Annotated Signs Language Corpus},
    booktitle = {Proceedings of the IEEE/CVF Conference on Computer Vision and Pattern Recognition (CVPR) Workshops},
    month     = {June},
    year      = {2021},
    pages     = {1212-1220}
}
@article{caron2020unsupervised,
  title={Unsupervised learning of visual features by contrasting cluster assignments},
  author={Caron, Mathilde and Misra, Ishan and Mairal, Julien and Goyal, Priya and Bojanowski, Piotr and Joulin, Armand},
  journal={arXiv preprint arXiv:2006.09882},
  year={2020}
}
@misc{deafness_and_hearing_loss_2020, 
	url={https://www.who.int/news-room/fact-sheets/detail/deafness-and-hearing-loss},
	title={Deafness and hearing loss}, 
	author={World Health Organization}, 
	year={2020}, 
	month={Mar}
}

@misc{disabilities_survey_2012,
      title={Primera Encuesta Nacional Especializada sobre DISCAPACIDAD},
      author={Instituto Nacional de Estad\'{i}stica e Inform\'{a}tica},
      pages={41--68},
      year={2012}, 
      publisher={Instituto Nacional de Estad\'{i}stica e Inform\'{a}tica}
}

@misc{lsp_2015,
      title={Gu\'{i}a para el aprendizaje de la lengua de Se\~{n}as Peruana},
      author={Direcci\'{o}n General de Educaci\'{o}n B\'{a}sica Especial},
      pages={1--66},
      year={2015},
      publisher={Ministerio de Educaci\'{o}n}
}

@misc{lsp_dataset, 
	url={http://repositorio.pucp.edu.pe/index/handle/123456789/124183},
	title={Corpus de la lengua de Se\~{n}as Peruana}, 
	author={Grupo de investigaci\'{o}n y Se\~{n}as (PUCP)}, 
	year={2014}
}

@article{adaloglou2020comprehensive,
  title={A comprehensive study on sign language recognition methods},
  author={Adaloglou, Nikolas and Chatzis, Theocharis and Papastratis, Ilias and Stergioulas, Andreas and Papadopoulos, Georgios Th and Zacharopoulou, Vassia and Xydopoulos, George J and Atzakas, Klimnis and Papazachariou, Dimitris and Daras, Petros},
  journal={arXiv preprint arXiv:2007.12530},
  volume={}, 
  year={2020}
}

@article{huenerfauth2009sign,
  title={Sign language in the interface: access for deaf signers},
  author={Huenerfauth, Matt and Hanson, Vicki},
  journal={Universal Access Handbook. NJ: Erlbaum},
  volume={38},
  year={2009}
}

@article{kennaway2015avatar,
  title={Avatar-independent scripting for real-time gesture animation},
  author={Kennaway, Richard},
  journal={arXiv preprint arXiv:1502.02961},
  volume={}, 
  year={2015}
}

@misc{slimane2021context,
      title={Context Matters: Self-Attention for Sign Language Recognition}, 
      author={Fares Ben Slimane and Mohamed Bouguessa},
      year={2021},
      eprint={2101.04632},
      archivePrefix={arXiv},
      primaryClass={cs.CV}
}

@inproceedings{camgoz2017subunets,
  title={Subunets: End-to-end hand shape and continuous sign language recognition},
  author={Camgoz, Necati Cihan and Hadfield, Simon and Koller, Oscar and Bowden, Richard},
  booktitle={2017 IEEE International Conference on Computer Vision (ICCV)},
  pages={3075--3084},
  year={2017},
  organization={IEEE}
}

@misc{huang2018videobased,
      title={Video-based Sign Language Recognition without Temporal Segmentation}, 
      author={Jie Huang and Wengang Zhou and Qilin Zhang and Houqiang Li and Weiping Li},
      year={2018},
      eprint={1801.10111},
      archivePrefix={arXiv},
      primaryClass={cs.CV}
}

@misc{camgoz2020sign,
      title={Sign Language Transformers: Joint End-to-end Sign Language Recognition and Translation}, 
      author={Necati Cihan Camgoz and Oscar Koller and Simon Hadfield and Richard Bowden},
      year={2020},
      eprint={2003.13830},
      archivePrefix={arXiv},
      primaryClass={cs.CV}
}

@article{schmidhuber1990making,
  title={Making the World Differentiable: On Using Self-Supervised Fully Recurrent N eu  al Networks for Dynamic Reinforcement Learning and Planning in Non-Stationary Environm  nts},
  author={Schmidhuber, Jiirgen},
  year={1990},
  journal={},
  volume={}
}

@article{lecun2006tutorial,
  title={A tutorial on energy-based learning},
  author={LeCun, Yann and Chopra, Sumit and Hadsell, Raia and Ranzato, M and Huang, F},
  journal={Predicting structured data},
  volume={1},
  number={0},
  year={2006}
}

@article{goyal2021self,
  title={Self-supervised pretraining of visual features in the wild},
  author={Goyal, Priya and Caron, Mathilde and Lefaudeux, Benjamin and Xu, Min and Wang, Pengchao and Pai, Vivek and Singh, Mannat and Liptchinsky, Vitaliy and Misra, Ishan and Joulin, Armand and others},
  journal={arXiv preprint arXiv:2103.01988},
  year={2021}
}

@article{wu2018unsupervised,
  title={Unsupervised feature learning via non-parametric instance-level discrimination},
  author={Wu, Zhirong and Xiong, Yuanjun and Yu, Stella and Lin, Dahua},
  journal={arXiv preprint arXiv:1805.01978},
  year={2018}
}
@misc{kingma2022autoencoding,
      title={Auto-Encoding Variational Bayes}, 
      author={Diederik P Kingma and Max Welling},
      year={2022},
      eprint={1312.6114},
      archivePrefix={arXiv},
      primaryClass={stat.ML}
}
@article{facebook-ssl,
  title = {Self-Supervised Learning: The Dark Matter of Intelligence},
  author = {Facebook AI},
  journal = {Facebook AI Blog},
  year = {2021},
  url = {https://ai.facebook.com/blog/self-supervised-learning-the-dark-matter-of-intelligence/}
}