@misc{deafness_and_hearing_loss_2019, 
	url={https://www.who.int/news-room/fact-sheets/detail/deafness-and-hearing-loss},
	title={Deafness and hearing loss}, 
	author={World Health Organization}, 
	year={2019}, 
	month={Mar}
}

@article{disabilities_survey_2012,
      title={Primera Encuesta Nacional Especializada sobre DISCAPACIDAD},
      author={Instituto Nacional de Estad\'{i}stica e Inform\'{a}tica},
      pages={41--68},
      year={2012},
      publisher={Instituto Nacional de Estad\'{i}stica e Inform\'{a}tica}
}

@article{lsp_2015,
      title={Gu\'{i}a para el aprendizaje de la lengua de Se\~{n}as Peruana},
      author={Direcci\'{o}n General de Educaci\'{o}n B\'{a}sica Especial},
      pages={1--66},
      year={2015},
      publisher={Ministerio de Educaci\'{o}n}
}

@misc{lsp_dataset, 
	url={http://repositorio.pucp.edu.pe/index/handle/123456789/124183},
	title={Corpus de la lengua de Se\~{n}as Peruana}, 
	author={Grupo de investigaci\'{o}n y Se\~{n}as (PUCP)}, 
	year={2014}
}

@inproceedings{KarpathyCVPR14,
  title     = {Large-scale Video Classification with Convolutional Neural Networks},
  author    = {Andrej Karpathy and George Toderici and Sanketh Shetty and Thomas Leung and Rahul Sukthankar and Li Fei-Fei},
  year      = {2014},
  booktitle = {CVPR}
}

@inproceedings{yue2015beyond,
  title={Beyond short snippets: Deep networks for video classification},
  author={Yue-Hei Ng, Joe and Hausknecht, Matthew and Vijayanarasimhan, Sudheendra and Vinyals, Oriol and Monga, Rajat and Toderici, George},
  booktitle={Proceedings of the IEEE conference on computer vision and pattern recognition},
  pages={4694--4702},
  year={2015}
}

@article{wang2016robust,
  title={A robust and efficient video representation for action recognition},
  author={Wang, Heng and Oneata, Dan and Verbeek, Jakob and Schmid, Cordelia},
  journal={International Journal of Computer Vision},
  volume={119},
  number={3},
  pages={219--238},
  year={2016},
  publisher={Springer}
}

@inproceedings{zhu2018hidden,
  title={Hidden two-stream convolutional networks for action recognition},
  author={Zhu, Yi and Lan, Zhenzhong and Newsam, Shawn and Hauptmann, Alexander},
  booktitle={Asian Conference on Computer Vision},
  pages={363--378},
  year={2018},
  organization={Springer}
}

@inproceedings{zach2007duality,
  title={A duality based approach for realtime TV-L 1 optical flow},
  author={Zach, Christopher and Pock, Thomas and Bischof, Horst},
  booktitle={Joint pattern recognition symposium},
  pages={214--223},
  year={2007},
  organization={Springer}
}

@inproceedings{simonyan2014two,
  title={Two-stream convolutional networks for action recognition in videos},
  author={Simonyan, Karen and Zisserman, Andrew},
  booktitle={Advances in neural information processing systems},
  pages={568--576},
  year={2014}
}

@article{wang2013dense,
  title={Dense trajectories and motion boundary descriptors for action recognition},
  author={Wang, Heng and Kl{\"a}ser, Alexander and Schmid, Cordelia and Liu, Cheng-Lin},
  journal={International journal of computer vision},
  volume={103},
  number={1},
  pages={60--79},
  year={2013},
  publisher={Springer}
}

@article{wang2019hallucinating,
  title={Hallucinating Bag-of-Words and Fisher Vector IDT terms for CNN-based Action Recognition},
  author={Wang, Lei and Koniusz, Piotr and Huynh, Du Q},
  journal={arXiv preprint arXiv:1906.05910},
  year={2019}
}

@article{xu2019two,
  title={Two-stream region convolutional 3d network for temporal activity detection},
  author={Xu, Huijuan and Das, Abir and Saenko, Kate},
  journal={arXiv preprint arXiv:1906.02182},
  year={2019}
}

@book{Goodfellowetal2016,
    title={Deep Learning},
    author={Ian Goodfellow and Yoshua Bengio and Aaron Courville},
    publisher={MIT Press},
    note={url{http://www.deeplearningbook.org}},
    year={2016}
}

@inproceedings{qiu2017learning,
  title={Learning spatio-temporal representation with pseudo-3d residual networks},
  author={Qiu, Zhaofan and Yao, Ting and Mei, Tao},
  booktitle={proceedings of the IEEE International Conference on Computer Vision},
  pages={5533--5541},
  year={2017}
}

@inproceedings{tulsianiMalik, 
	title={Viewpoints and Keypoints}, 
	author={Tulsiani S. and & Malik J.}, 
	booktitlle={Conference on Computer Vision and Pattern Recognition}, 
	pages={1510--1519}, 
	year={2015}
}

@inproceedings{XiaoWuWeiSimpleBaseline, 
	title={Simple baselines for human pose estimation and tracking}, 
	author={Xiao B. and Wu H. and Wei Y.}, 
	booktitle={Proceedings of the European Conference on Computer Vision (ECCV)}, 
	pages={466--481}, 
	year={2018}
}