@misc{deafness_and_hearing_loss_2020, 
	url={https://www.who.int/news-room/fact-sheets/detail/deafness-and-hearing-loss},
	title={Deafness and hearing loss}, 
	author={World Health Organization}, 
	year={2020}, 
	month={Mar}
}

@misc{disabilities_survey_2012,
      title={Primera Encuesta Nacional Especializada sobre DISCAPACIDAD},
      author={Instituto Nacional de Estad\'{i}stica e Inform\'{a}tica},
      pages={41--68},
      year={2012}, 
      publisher={Instituto Nacional de Estad\'{i}stica e Inform\'{a}tica}
}

@misc{lsp_2015,
      title={Gu\'{i}a para el aprendizaje de la lengua de Se\~{n}as Peruana},
      author={Direcci\'{o}n General de Educaci\'{o}n B\'{a}sica Especial},
      pages={1--66},
      year={2015},
      publisher={Ministerio de Educaci\'{o}n}
}

@misc{lsp_dataset, 
	url={http://repositorio.pucp.edu.pe/index/handle/123456789/124183},
	title={Corpus de la lengua de Se\~{n}as Peruana}, 
	author={Grupo de investigaci\'{o}n y Se\~{n}as (PUCP)}, 
	year={2014}
}

@article{adaloglou2020comprehensive,
  title={A comprehensive study on sign language recognition methods},
  author={Adaloglou, Nikolas and Chatzis, Theocharis and Papastratis, Ilias and Stergioulas, Andreas and Papadopoulos, Georgios Th and Zacharopoulou, Vassia and Xydopoulos, George J and Atzakas, Klimnis and Papazachariou, Dimitris and Daras, Petros},
  journal={arXiv preprint arXiv:2007.12530},
  volume={}, 
  year={2020}
}

@article{huenerfauth2009sign,
  title={Sign language in the interface: access for deaf signers},
  author={Huenerfauth, Matt and Hanson, Vicki},
  journal={Universal Access Handbook. NJ: Erlbaum},
  volume={38},
  year={2009}
}

@article{kennaway2015avatar,
  title={Avatar-independent scripting for real-time gesture animation},
  author={Kennaway, Richard},
  journal={arXiv preprint arXiv:1502.02961},
  volume={}, 
  year={2015}
}

@misc{slimane2021context,
      title={Context Matters: Self-Attention for Sign Language Recognition}, 
      author={Fares Ben Slimane and Mohamed Bouguessa},
      year={2021},
      eprint={2101.04632},
      archivePrefix={arXiv},
      primaryClass={cs.CV}
}

@inproceedings{camgoz2017subunets,
  title={Subunets: End-to-end hand shape and continuous sign language recognition},
  author={Camgoz, Necati Cihan and Hadfield, Simon and Koller, Oscar and Bowden, Richard},
  booktitle={2017 IEEE International Conference on Computer Vision (ICCV)},
  pages={3075--3084},
  year={2017},
  organization={IEEE}
}

@misc{huang2018videobased,
      title={Video-based Sign Language Recognition without Temporal Segmentation}, 
      author={Jie Huang and Wengang Zhou and Qilin Zhang and Houqiang Li and Weiping Li},
      year={2018},
      eprint={1801.10111},
      archivePrefix={arXiv},
      primaryClass={cs.CV}
}

@misc{camgoz2020sign,
      title={Sign Language Transformers: Joint End-to-end Sign Language Recognition and Translation}, 
      author={Necati Cihan Camgoz and Oscar Koller and Simon Hadfield and Richard Bowden},
      year={2020},
      eprint={2003.13830},
      archivePrefix={arXiv},
      primaryClass={cs.CV}
}